@inproceedings{
zhang2015assembler,
  title={Assembler: efficient discovery of spatial co-evolving patterns in massive geo-sensory data},
  author={Zhang, Chao and Zheng, Yu and Ma, Xiuli and Han, Jiawei},
  booktitle={Proceedings of the 21th ACM SIGKDD International Conference on Knowledge Discovery and Data Mining},
  pages={1415--1424},
  year={2015},
  organization={ACM}
}

@inproceedings{
cheng2016finding,
  title={Finding Dynamic Co-evolving Zones in Spatial-Temporal Time Series Data},
  author={Cheng, Yun and Li, Xiucheng and Li, Yan},
  booktitle={Joint European Conference on Machine Learning and Knowledge Discovery in Databases},
  pages={129--144},
  year={2016},
  organization={Springer}
}

@inproceedings{
koperski1996spatial,
  title={Spatial data mining: progress and challenges survey paper},
  author={Koperski, Krzysztof and Adhikary, Junas and Han, Jiawei},
  booktitle={Proc. ACM SIGMOD Workshop on Research Issues on Data Mining and Knowledge Discovery, Montreal, Canada},
  pages={1--10},
  year={1996}
}

@article{
roddick1999bibliography,
  title={A bibliography of temporal, spatial and spatio-temporal data mining research},
  author={Roddick, John F and Spiliopoulou, Myra},
  journal={ACM SIGKDD Explorations Newsletter},
  volume={1},
  number={1},
  pages={34--38},
  year={1999},
  publisher={ACM}
}

@article{
rao2012spatiotemporal,
  title={Spatiotemporal data mining: Issues, tasks and applications},
  author={Rao, K Venkateswara and Govardhan, A and Rao, KV Chalapati},
  journal={International Journal of Computer Science and Engineering Survey},
  volume={3},
  number={1},
  pages={39},
  year={2012},
  publisher={Academy \& Industry Research Collaboration Center (AIRCC)}
}

@article{
shekhar2015spatiotemporal,
  title={Spatiotemporal data mining: A computational perspective},
  author={Shekhar, Shashi and Jiang, Zhe and Ali, Reem Y and Eftelioglu, Emre and Tang, Xun and Gunturi, Venkata and Zhou, Xun},
  journal={ISPRS International Journal of Geo-Information},
  volume={4},
  number={4},
  pages={2306--2338},
  year={2015},
  publisher={Multidisciplinary Digital Publishing Institute}
}

@article{
daubechies1990wavelet,
  title={The wavelet transform, time-frequency localization and signal analysis},
  author={Daubechies, Ingrid},
  journal={IEEE transactions on information theory},
  volume={36},
  number={5},
  pages={961--1005},
  year={1990},
  publisher={IEEE}
}

@inproceedings{
keogh2001online,
  title={An online algorithm for segmenting time series},
  author={Keogh, Eamonn and Chu, Selina and Hart, David and Pazzani, Michael},
  booktitle={Data Mining, 2001. ICDM 2001, Proceedings IEEE International Conference on},
  pages={289--296},
  year={2001},
  organization={IEEE}
}

@article{
zhang2014splitter,
  title={Splitter: Mining fine-grained sequential patterns in semantic trajectories},
  author={Zhang, Chao and Han, Jiawei and Shou, Lidan and Lu, Jiajun and La Porta, Thomas},
  journal={Proceedings of the VLDB Endowment},
  volume={7},
  number={9},
  pages={769--780},
  year={2014},
  publisher={VLDB Endowment}
}

@inproceedings{
matsubara2014autoplait,
  title={Autoplait: Automatic mining of co-evolving time sequences},
  author={Matsubara, Yasuko and Sakurai, Yasushi and Faloutsos, Christos},
  booktitle={Proceedings of the 2014 ACM SIGMOD international conference on Management of data},
  pages={193--204},
  year={2014},
  organization={ACM}
}

@inproceedings{
matsubara2014funnel,
  title={FUNNEL: automatic mining of spatially coevolving epidemics},
  author={Matsubara, Yasuko and Sakurai, Yasushi and Van Panhuis, Willem G and Faloutsos, Christos},
  booktitle={Proceedings of the 20th ACM SIGKDD international conference on Knowledge discovery and data mining},
  pages={105--114},
  year={2014},
  organization={ACM}
}

@inproceedings{
lonardi2002finding,
  title={Finding motifs in time series},
  author={Lonardi, JLEKS and Patel, Pranav},
  booktitle={Proc. of the 2nd Workshop on Temporal Data Mining},
  pages={53--68},
  year={2002}
}
@inproceedings{
chiu2003probabilistic,
  title={Probabilistic discovery of time series motifs},
  author={Chiu, Bill and Keogh, Eamonn and Lonardi, Stefano},
  booktitle={Proceedings of the ninth ACM SIGKDD international conference on Knowledge discovery and data mining},
  pages={493--498},
  year={2003},
  organization={ACM}
}

@inproceedings{
mueen2009exact,
  title={Exact discovery of time series motifs},
  author={Mueen, Abdullah and Keogh, Eamonn and Zhu, Qiang and Cash, Sydney and Westover, Brandon},
  booktitle={Proceedings of the 2009 SIAM International Conference on Data Mining},
  pages={473--484},
  year={2009},
  organization={SIAM}
}

@article{
tanaka2005discovery,
  title={Discovery of time-series motif from multi-dimensional data based on MDL principle},
  author={Tanaka, Yoshiki and Iwamoto, Kazuhisa and Uehara, Kuniaki},
  journal={Machine Learning},
  volume={58},
  number={2},
  pages={269--300},
  year={2005},
  publisher={Springer}
}

@inproceedings{
minnen2007detecting,
  title={Detecting subdimensional motifs: An efficient algorithm for generalized multivariate pattern discovery},
  author={Minnen, David and Isbell, Charles and Essa, Irfan and Starner, Thad},
  booktitle={Data Mining, 2007. ICDM 2007. Seventh IEEE International Conference on},
  pages={601--606},
  year={2007},
  organization={IEEE}
}

@inproceedings{
yamanishi2002unifying,
  title={A unifying framework for detecting outliers and change points from non-stationary time series data},
  author={Yamanishi, Kenji and Takeuchi, Jun-ichi},
  booktitle={Proceedings of the eighth ACM SIGKDD international conference on Knowledge discovery and data mining},
  pages={676--681},
  year={2002},
  organization={ACM}
}


@inproceedings{
sharifzadeh2005change,
  title={Change detection in time series data using wavelet footprints},
  author={Sharifzadeh, Mehdi and Azmoodeh, Farnaz and Shahabi, Cyrus},
  booktitle={International Symposium on Spatial and Temporal Databases},
  pages={127--144},
  year={2005},
  organization={Springer}
}

@article{
dragotti2003wavelet,
  title={Wavelet footprints: theory, algorithms, and applications},
  author={Dragotti, Pier Luigi and Vetterli, Martin},
  journal={IEEE Transactions on Signal Processing},
  volume={51},
  number={5},
  pages={1306--1323},
  year={2003},
  publisher={IEEE}
}

@inproceedings{
kawahara2009change,
  title={Change-point detection in time-series data by direct density-ratio estimation},
  author={Kawahara, Yoshinobu and Sugiyama, Masashi},
  booktitle={Proceedings of the 2009 SIAM International Conference on Data Mining},
  pages={389--400},
  year={2009},
  organization={SIAM}
}
